@inproceedings{sun2020ttt,
  title={Test-Time Training with Self-Supervision for Generalization under Distribution Shifts},
  author={Sun, Yu and Wang, Xiaolong and Liu, Zhuang and Miller, John and Efros, Alexei A. and Hardt, Moritz},
  booktitle={Proceedings of the 37th International Conference on Machine Learning (ICML)},
  year={2020},
  url={https://proceedings.mlr.press/v119/sun20b/sun20b.pdf}
}

@inproceedings{niu2022eata,
  title={Efficient Test-Time Model Adaptation without Forgetting},
  author={Niu, Shuaicheng and Wang, Jian and Ren, Chang and Zhang, Gaofeng and Liao, Jinjin and Huang, Tiejun},
  booktitle={Proceedings of the 39th International Conference on Machine Learning (ICML)},
  year={2022},
  url={https://proceedings.mlr.press/v162/niu22a.html}
}

@misc{kemp2013sleepedf,
  title={{The Sleep-EDF Database}},
  author={Kemp, Bob},
  year={2002},
  howpublished={PhysioNet/PhysioBank},
  url={https://www.physionet.org/physiobank/database/sleep-edf/}
}

@misc{sleepedfx2018,
  title={{Sleep-EDF Database Expanded}},
  author={Kemp, Bob and da Rosa, Ana Cristina and van Dijk, Joost and others},
  year={2018},
  howpublished={PhysioNet News},
  url={https://physionet.org/news/post/176},
  doi={10.13026/C2X676}
}

@article{goldberger2000physionet,
  title={PhysioBank, PhysioToolkit, and PhysioNet: Components of a new research resource for complex physiologic signals},
  author={Goldberger, Ary L and Amaral, Luis AN and Glass, Leon and Hausdorff, Jeffrey M and Ivanov, Plamen Ch and Mark, Roger G and Mietus, Joseph E and Moody, George B and Peng, Chung-Kang and Stanley, H Eugene},
  journal={Circulation},
  volume={101},
  number={23},
  pages={e215--e220},
  year={2000},
  url={https://www.physionet.org/about/citation/}
}

@article{gramfort2014mne,
  title={MNE software for processing MEG and EEG data},
  author={Gramfort, Alexandre and others},
  journal={NeuroImage},
  volume={86},
  pages={446--460},
  year={2014},
  doi={10.1016/j.neuroimage.2013.10.027},
  url={https://pubmed.ncbi.nlm.nih.gov/24161808/}
}

@article{gramfort2013mne,
  title={{MEG and EEG Data Analysis with MNE-Python}},
  author={Gramfort, Alexandre and Luessi, Martin and Larson, Eric and Engemann, Denis A. and Strohmeier, Daniel and Brodbeck, Christian and Goj, Roman and Jas, Mainak and Brooks, Teon and Parkkonen, Lauri and H{\"a}m{\"a}l{\"a}inen, Matti S.},
  journal={Frontiers in Neuroscience},
  volume={7},
  pages={267},
  year={2013},
  doi={10.3389/fnins.2013.00267},
  url={https://mne.tools/1.3/overview/cite.html}
}

@article{chambon2018temporal,
  title={A Deep Learning Architecture for Temporal Sleep Stage Classification Using Multimodal and Multivariate Time Series},
  author={Chambon, Stanislas and Galtier, Mathieu N and Arnal, Pierrick J and Wainrib, Gilles and Gramfort, Alexandre},
  journal={IEEE Transactions on Neural Systems and Rehabilitation Engineering},
  year={2018},
  url={https://pubmed.ncbi.nlm.nih.gov/29641380/}
}

@article{eldele2021,
  title={{Time-Series Representation Learning with Temporal Convolutional Networks and Attention for Sleep Stage Classification}},
  author={Eldele, Emadeldeen and Ragab, Mohamed and Chen, Zhe and Wu, Min and Kwoh, Chee Keong and Li, Xiaoli and Guan, Cuntai},
  journal={IEEE Transactions on Neural Systems and Rehabilitation Engineering},
  year={2021}
}

@misc{supratak2017deepsleepnet,
  title={{DeepSleepNet: A Model for Automatic Sleep Stage Scoring based on Raw Single-Channel EEG}},
  author={Supratak, Akara and Dong, Hao and Wu, Chao and Guo, Yike},
  year={2017},
  howpublished={arXiv:1703.04046},
  url={https://arxiv.org/abs/1703.04046}
}

@article{perslev2021usleep,
  title={{U-Sleep: Resilient high-frequency sleep staging}},
  author={Perslev, Mathias and Darkner, Sune and Kempfner, Lykke and Nikolic, Miki and Jennum, Poul J{\o}rgen and Igel, Christian},
  journal={npj Digital Medicine},
  volume={4},
  number={72},
  year={2021},
  doi={10.1038/s41746-021-00440-5},
  url={https://www.nature.com/articles/s41746-021-00440-5}
}

@article{guo2017calibration,
  title={On Calibration of Modern Neural Networks},
  author={Guo, Chuan and Pleiss, Geoff and Sun, Yu and Weinberger, Kilian Q},
  journal={Proceedings of the 34th International Conference on Machine Learning (ICML)},
  year={2017},
  url={https://proceedings.mlr.press/v70/guo17a/guo17a.pdf}
}

@inproceedings{howard2017mobilenet,
  title={{MobileNets: Efficient Convolutional Neural Networks for Mobile Vision Applications}},
  author={Howard, Andrew G. and Zhu, Menglong and Chen, Bo and Kalenichenko, Dmitry and Wang, Weijun and Weyand, Tobias and Andreetto, Marco and Adam, Hartwig},
  booktitle={arXiv preprint arXiv:1704.04861},
  year={2017},
  url={https://arxiv.org/abs/1704.04861}
}

@inproceedings{hu2018senet,
  title={{Squeeze-and-Excitation Networks}},
  author={Hu, Jie and Shen, Li and Sun, Gang and Albanie, Samuel and Wu, Enhua},
  booktitle={Proc. IEEE/CVF Conf. on Computer Vision and Pattern Recognition (CVPR)},
  year={2018},
  url={https://openaccess.thecvf.com/content_cvpr_2018/html/Hu_Squeeze-and-Excitation_Networks_CVPR_2018_paper.html}
}

@article{li2016adabn,
  author       = {Li, Yanghao and Wang, Naiyan and Shi, Jianping and Liu, Jiaying and Hou, Xiaodi},
  title        = {Revisiting Batch Normalization for Practical Domain Adaptation},
  journal      = {arXiv preprint arXiv:1603.04779},
  year         = {2016},
  url          = {https://arxiv.org/abs/1603.04779},
  doi          = {10.48550/arXiv.1603.04779}
}

@misc{elfwing2017silu,
  title={{Sigmoid-Weighted Linear Units for Neural Network Function Approximation in Reinforcement Learning}},
  author={Elfwing, Stefan and Uchibe, Eiji and Doya, Kenji},
  year={2017},
  howpublished={arXiv:1702.03118},
  url={https://arxiv.org/abs/1702.03118}
}

@inproceedings{kingma2015adam,
  title={{Adam: A Method for Stochastic Optimization}},
  author={Kingma, Diederik P. and Ba, Jimmy},
  booktitle={International Conference on Learning Representations (ICLR)},
  year={2015},
  url={https://arxiv.org/abs/1412.6980}
}

@inproceedings{lin2017focal,
  title={{Focal Loss for Dense Object Detection}},
  author={Lin, Tsung-Yi and Goyal, Priya and Girshick, Ross and He, Kaiming and Doll{\'a}r, Piotr},
  booktitle={Proc. IEEE International Conference on Computer Vision (ICCV)},
  year={2017},
  url={https://openaccess.thecvf.com/content_ICCV_2017/papers/Lin_Focal_Loss_for_ICCV_2017_paper.pdf}
}

@misc{berry2015aasm,
  title={{The AASM Manual for the Scoring of Sleep and Associated Events: Rules, Terminology and Technical Specifications}},
  author={Berry, Richard B. and Brooks, R. and Gamaldo, C. E. and Harding, S. M. and Lloyd, R. M. and Marcus, C. L. and Vaughn, B. V.},
  year={2015},
  howpublished={American Academy of Sleep Medicine},
  url={https://aasm.org/clinical-resources/scoring-manual/}
}

@article{berry2012aasmresp,
  title={{Rules for scoring respiratory events in sleep: update of the 2007 AASM Manual for the Scoring of Sleep and Associated Events}},
  author={Berry, Richard B. and Budhiraja, Rohit and Gottlieb, Daniel J. and Gozal, David and Iber, Conrad and Kapur, Vishesh K. and Marcus, Carole L. and Mehra, Reena and Parthasarathy, Sairam and Quan, Stuart F. and Redline, Susan and Strohl, Kingman P. and Ward, Susan L. D. and Tangredi, Michael M.},
  journal={Journal of Clinical Sleep Medicine},
  volume={8},
  number={5},
  pages={597--619},
  year={2012},
  doi={10.5664/jcsm.2172},
  url={https://pubmed.ncbi.nlm.nih.gov/23066376/}
}


@book{aasm2015manual,
  title        = {The AASM Manual for the Scoring of Sleep and Associated Events: Rules, Terminology and Technical Specifications},
  author       = {Berry, Richard B. and Brooks, Rita and Gamaldo, Charlene and Harding, Susan M. and Lloyd, Robert M. and Marcus, Carole L. and Vaughn, Bradley V.},
  edition      = {Version 2.2},
  address      = {Darien, IL},
  publisher    = {American Academy of Sleep Medicine},
  year         = {2015},
  url          = {https://aasm.org/resources/pdf/scoring-manual-preface.pdf}
}

@inproceedings{perslev2019utime,
  author       = {Perslev, Mathias and Jensen, Michael Hejselbak and Darkner, Sune and Jennum, Poul J{\o}rgen and Igel, Christian},
  title        = {U-Time: A Fully Convolutional Network for Time Series Segmentation Applied to Sleep Staging},
  booktitle    = {Advances in Neural Information Processing Systems (NeurIPS)},
  year         = {2019},
  url          = {https://papers.neurips.cc/paper_files/paper/2019/file/42a6845a557bef704ad8ac9cb4461d43-Paper.pdf}
}

@article{eldele2021attnsleep,
  author       = {Eldele, Emadeldeen and Chen, Zhenghua and Liu, Chengyu and Wu, Min and Kwoh, Chee-Keong and Li, Xiaoli and Guan, Cuntai},
  title        = {An Attention-Based Deep Learning Approach for Sleep Stage Classification With Single-Channel EEG},
  journal      = {IEEE Transactions on Neural Systems and Rehabilitation Engineering},
  year         = {2021},
  volume       = {29},
  pages        = {809--818},
  doi          = {10.1109/TNSRE.2021.3076234}
}

@article{alvarezestevez2021interdb,
  author       = {√Ålvarez-Est{\'e}vez, Diego and Moret-Bonillo, Valent{\'i}n and Lado, Clara and others},
  title        = {Inter-database validation of a deep learning approach for automatic sleep staging},
  journal      = {PLOS ONE},
  year         = {2021},
  volume       = {16},
  number       = {8},
  pages        = {e0256111},
  doi          = {10.1371/journal.pone.0256111},
  url          = {https://journals.plos.org/plosone/article?id=10.1371/journal.pone.0256111}
}


@article{kemp2000microcontinuity,
  author       = {Kemp, Bob and Zwinderman, Aeilko H. and Tuk, Bert and Kamphuisen, Hilbert A. C. and Obery{\'e}, Josefien J. L.},
  title        = {Analysis of a Sleep-Dependent Neuronal Feedback Loop: The Slow-Wave Microcontinuity of the EEG},
  journal      = {IEEE Transactions on Biomedical Engineering},
  year         = {2000},
  volume       = {47},
  number       = {9},
  pages        = {1185--1194},
  doi          = {10.1109/10.867928}
}

@inproceedings{Wang2021Tent,
  title     = {Tent: Fully Test-Time Adaptation by Entropy Minimization},
  author    = {Wang, Dequan and Shelhamer, Evan and Liu, Shaoteng and Olshausen, Bruno and Darrell, Trevor},
  booktitle = {International Conference on Learning Representations (ICLR)},
  year      = {2021},
  url       = {https://arxiv.org/abs/2006.10726}
}

@inproceedings{Liang2020SHOT,
  title     = {Do We Really Need to Access the Source Data? Source Hypothesis Transfer for Unsupervised Domain Adaptation},
  author    = {Liang, Jian and Hu, Dapeng and Feng, Jiashi},
  booktitle = {International Conference on Machine Learning (ICML)},
  year      = {2020},
  url       = {https://arxiv.org/abs/2002.08546}
}

@article{Li2018AdaBN,
  title   = {Adaptive Batch Normalization for Practical Domain Adaptation},
  author  = {Li, Yanghao and Wang, Naiyan and Shi, Jianping and Liu, Jiaying and Hou, Xiaodi},
  journal = {Pattern Recognition},
  volume  = {80},
  pages   = {109--117},
  year    = {2018},
  doi     = {10.1016/j.patcog.2018.03.005},
  url     = {https://arxiv.org/abs/1603.04779}
}

@article{Phan2019SeqSleepNet,
  title   = {SeqSleepNet: End-to-End Hierarchical Recurrent Neural Network for Sequence-to-Sequence Automatic Sleep Staging},
  author  = {Phan, Huy and Andreotti, Fernando and Cooray, Navin and Ch{\'e}n, Oliver Y. and De Vos, Maarten},
  journal = {IEEE Transactions on Neural Systems and Rehabilitation Engineering},
  volume  = {27},
  number  = {3},
  pages   = {400--410},
  year    = {2019},
  doi     = {10.1109/TNSRE.2019.2896659}
}

@book{RechtschaffenKales1968,
  title     = {A Manual of Standardized Terminology, Techniques and Scoring System for Sleep Stages of Human Subjects},
  author    = {Rechtschaffen, Allan and Kales, Anthony},
  year      = {1968},
  publisher = {U.S. National Institutes of Health}
}

@book{Iber2007AASM,
  title     = {The AASM Manual for the Scoring of Sleep and Associated Events: Rules, Terminology and Technical Specifications},
  author    = {Iber, Conrad and Ancoli-Israel, Sonia and Chesson, Andrew L. and Quan, Stuart F.},
  year      = {2007},
  publisher = {American Academy of Sleep Medicine}
}

@article{Berry2012AASMUpdate,
  title   = {Rules for Scoring Respiratory Events in Sleep: Update of the 2007 AASM Manual},
  author  = {Berry, Richard B. and Budhiraja, Rohit and Gottlieb, Daniel J. and et al.},
  journal = {Journal of Clinical Sleep Medicine},
  volume  = {8},
  number  = {5},
  pages   = {597--619},
  year    = {2012},
  doi     = {10.5664/jcsm.2172}
}

@inproceedings{ioffe2015batch,
  title={Batch Normalization: Accelerating Deep Network Training by Reducing Internal Covariate Shift},
  author={Ioffe, Sergey and Szegedy, Christian},
  booktitle={Proceedings of the 32nd International Conference on Machine Learning},
  year={2015}
}

@inproceedings{hu2018squeeze,
  title={Squeeze-and-Excitation Networks},
  author={Hu, Jie and Shen, Li and Sun, Gang},
  booktitle={Proceedings of the IEEE Conference on Computer Vision and Pattern Recognition},
  year={2018}
}

@article{howard2017mobilenets,
  title={MobileNets: Efficient Convolutional Neural Networks for Mobile Vision Applications},
  author={Howard, Andrew G and others},
  journal={arXiv preprint arXiv:1704.04861},
  year={2017}
}

@inproceedings{menon2020longtail,
  title={Long-Tail Learning via Logit Adjustment},
  author={Menon, Aditya Krishna and Jayasumana, Sadeep and Rawat, Ankit and Jain, Himanshu and Veit, Andreas and Kumar, Sanjiv},
  booktitle={Advances in Neural Information Processing Systems},
  year={2020}
}

@article{berry2012aasm,
  title={The AASM Manual for the Scoring of Sleep and Associated Events: Rules, Terminology and Technical Specifications (Version 2.0)},
  author={Berry, Richard B and others},
  journal={American Academy of Sleep Medicine},
  year={2012}
}

@article{kemp2000sleepedf,
  title={Analysis of a Sleep-Dependent Neuronal Feedback Loop: The Slow-Wave Microcontinuity of the EEG},
  author={Kemp, Bob and Zwinderman, Aeilko H and Tuk, Bauke and Kamphuisen, Henri A and Oberye, Jeroen J},
  journal={IEEE Transactions on Biomedical Engineering},
  year={2000}
}

@article{cohen1960kappa,
  title={A Coefficient of Agreement for Nominal Scales},
  author={Cohen, Jacob},
  journal={Educational and Psychological Measurement},
  volume={20},
  number={1},
  pages={37--46},
  year={1960}
}

@article{oreilly2014mass,
  title   = {Montreal Archive of Sleep Studies: An Open-Access Resource for Instrument Benchmarking and Exploratory Research},
  author  = {O'Reilly, Christian and Gosselin, Nadia and Carrier, Julie and Nielsen, Tore},
  journal = {Journal of Sleep Research},
  year    = {2014},
  volume  = {23},
  number  = {6},
  pages   = {628--635},
  doi     = {10.1111/jsr.12169}
}

@article{quan1997shhs,
  title   = {The Sleep Heart Health Study: Design, Rationale, and Methods},
  author  = {Quan, Stuart F. and Howard, Barbara V. and Iber, Conrad and Kiley, John P. and Nieto, F. Javier and O'Connor, George T. and Rapoport, David M. and Redline, Susan and Robbins, John and Samet, Jonathan M. and Wahl, Patricia W.},
  journal = {Sleep},
  year    = {1997},
  volume  = {20},
  number  = {12},
  pages   = {1077--1085}
}

@article{khalighi2016isruc,
  title   = {{ISRUC}-Sleep: A Comprehensive Public Dataset for Sleep Researchers},
  author  = {Khalighi, Sirvan and Sousa, Teresa and Santos, Jos{\'e} Moutinho and Nunes, Urbano},
  journal = {Computer Methods and Programs in Biomedicine},
  year    = {2016},
  volume  = {124},
  pages   = {180--192},
  doi     = {10.1016/j.cmpb.2015.10.013}
}

@inproceedings{wang2022cotta,
  author    = {Wang, Qin and Fink, Olga and Van Gool, Luc and Dai, Dengxin},
  title     = {Continual Test-Time Domain Adaptation},
  booktitle = {Proceedings of the IEEE/CVF Conference on Computer Vision and Pattern Recognition (CVPR)},
  year      = {2022},
  pages     = {7201--7211}
}
